[gd_scene load_steps=19 format=1]

[ext_resource path="res://scripts/Game.gd" type="Script" id=1]
[ext_resource path="res://scripts/card_container.gd" type="Script" id=2]
[ext_resource path="res://scripts/ui_view.gd" type="Script" id=3]
[ext_resource path="res://scripts/ui_button_container.gd" type="Script" id=4]
[ext_resource path="res://scripts/bag.gd" type="Script" id=5]
[ext_resource path="res://scenes/bag_item.tscn" type="PackedScene" id=6]
[ext_resource path="res://scripts/gear_container.gd" type="Script" id=7]
[ext_resource path="res://scenes/gear_slot.tscn" type="PackedScene" id=8]
[ext_resource path="res://res/panel_gear_inactive.tres" type="StyleBox" id=9]
[ext_resource path="res://scripts/ui_stat_container.gd" type="Script" id=10]
[ext_resource path="res://scenes/ui_stat_box.tscn" type="PackedScene" id=11]
[ext_resource path="res://assets/fonts/NESCyrillic.ttf" type="DynamicFontData" id=12]

[sub_resource type="GDScript" id=1]

script/source = "extends MarginContainer\n\n# class member variables go here, for example:\n# var a = 2\n# var b = \"textvar\"\n\nfunc _ready():\n\t# Called every time the node is added to the scene.\n\t# Initialization here\n\tpass\n\nfunc show_stat_card(name):\n\t\n\tpass\n\nfunc show_item_card(name):\n\t\n\tpass\n\nfunc show_gear_card(name):\n\t\n\tpass"

[sub_resource type="StyleBoxFlat" id=2]

content_margin/left = -1.0
content_margin/right = -1.0
content_margin/top = -1.0
content_margin/bottom = -1.0
bg_color = Color( 0, 0, 0, 1 )
light_color = Color( 0, 0, 0, 1 )
dark_color = Color( 0, 0, 0, 1 )
border_size = 0
border_blend = true
draw_bg = true

[sub_resource type="StyleBoxFlat" id=3]

content_margin/left = -1.0
content_margin/right = -1.0
content_margin/top = -1.0
content_margin/bottom = -1.0
bg_color = Color( 0.71875, 0.664001, 0.499756, 1 )
light_color = Color( 0.8, 0.8, 0.8, 1 )
dark_color = Color( 0.8, 0.8, 0.8, 1 )
border_size = 0
border_blend = true
draw_bg = true

[sub_resource type="StyleBoxFlat" id=4]

content_margin/left = -1.0
content_margin/right = -1.0
content_margin/top = -1.0
content_margin/bottom = -1.0
bg_color = Color( 0.6, 0.6, 0.6, 1 )
light_color = Color( 0.8, 0.8, 0.8, 1 )
dark_color = Color( 0.8, 0.8, 0.8, 1 )
border_size = 0
border_blend = true
draw_bg = true

[sub_resource type="DynamicFont" id=5]

font/size = 16
extra_spacing/top = -3
extra_spacing/bottom = -3
font/use_mipmaps = false
font/use_filter = false
font/font = ExtResource( 12 )

[sub_resource type="DynamicFont" id=6]

font/size = 16
extra_spacing/top = -3
extra_spacing/bottom = -3
font/use_mipmaps = false
font/use_filter = false
font/font = ExtResource( 12 )

[node name="Root" type="Node2D"]

transform/pos = Vector2( 0, -0.735077 )
script/script = ExtResource( 1 )

[node name="game_container" type="VBoxContainer" parent="."]

focus/ignore_mouse = false
focus/stop_mouse = false
size_flags/horizontal = 2
size_flags/vertical = 2
margin/left = 0.0
margin/top = 0.0
margin/right = 180.0
margin/bottom = 320.0
custom_constants/separation = 0
alignment = 0

[node name="game_view" type="MarginContainer" parent="game_container"]

focus/ignore_mouse = false
focus/stop_mouse = true
size_flags/horizontal = 2
size_flags/vertical = 3
margin/left = 0.0
margin/top = 0.0
margin/right = 180.0
margin/bottom = 80.0
custom_constants/margin_right = 0
custom_constants/margin_top = 0
custom_constants/margin_left = 0
custom_constants/margin_bottom = 0
script/script = SubResource( 1 )

[node name="card_container" type="MarginContainer" parent="game_container/game_view"]

focus/ignore_mouse = false
focus/stop_mouse = true
size_flags/horizontal = 3
size_flags/vertical = 3
margin/left = 0.0
margin/top = 0.0
margin/right = 180.0
margin/bottom = 80.0
custom_constants/margin_right = 2
custom_constants/margin_top = 2
custom_constants/margin_left = 2
custom_constants/margin_bottom = 2
script/script = ExtResource( 2 )

[node name="view_ui" type="Container" parent="game_container/game_view"]

focus/ignore_mouse = false
focus/stop_mouse = true
size_flags/horizontal = 3
size_flags/vertical = 3
margin/left = 0.0
margin/top = 0.0
margin/right = 180.0
margin/bottom = 80.0

[node name="ui_view" type="PanelContainer" parent="game_container"]

focus/ignore_mouse = false
focus/stop_mouse = true
size_flags/horizontal = 3
size_flags/vertical = 3
size_flags/stretch_ratio = 2.0
margin/left = 0.0
margin/top = 80.0
margin/right = 180.0
margin/bottom = 320.0
custom_styles/panel = SubResource( 2 )
script/script = ExtResource( 3 )

[node name="vbox_splitter" type="VBoxContainer" parent="game_container/ui_view"]

rect/min_size = Vector2( 0, 240 )
focus/ignore_mouse = false
focus/stop_mouse = false
size_flags/horizontal = 3
size_flags/vertical = 2
margin/left = 0.0
margin/top = 0.0
margin/right = 180.0
margin/bottom = 240.0
custom_constants/separation = 2
alignment = 0

[node name="top_button_panel" type="PanelContainer" parent="game_container/ui_view/vbox_splitter"]

editor/display_folded = true
focus/ignore_mouse = false
focus/stop_mouse = true
size_flags/horizontal = 2
size_flags/vertical = 2
margin/left = 0.0
margin/top = 0.0
margin/right = 180.0
margin/bottom = 28.0
custom_styles/panel = SubResource( 3 )

[node name="margin" type="MarginContainer" parent="game_container/ui_view/vbox_splitter/top_button_panel"]

focus/ignore_mouse = false
focus/stop_mouse = true
size_flags/horizontal = 2
size_flags/vertical = 3
size_flags/stretch_ratio = 2.0
margin/left = 0.0
margin/top = 0.0
margin/right = 180.0
margin/bottom = 28.0
custom_constants/margin_right = 2
custom_constants/margin_top = 2
custom_constants/margin_left = 2
custom_constants/margin_bottom = 2

[node name="buttons" type="HBoxContainer" parent="game_container/ui_view/vbox_splitter/top_button_panel/margin"]

rect/min_size = Vector2( 0, 24 )
focus/ignore_mouse = false
focus/stop_mouse = false
size_flags/horizontal = 3
size_flags/vertical = 3
margin/left = 2.0
margin/top = 2.0
margin/right = 178.0
margin/bottom = 26.0
custom_constants/separation = 2
alignment = 0
script/script = ExtResource( 4 )

[node name="panel_container" type="MarginContainer" parent="game_container/ui_view/vbox_splitter"]

focus/ignore_mouse = false
focus/stop_mouse = true
size_flags/horizontal = 3
size_flags/vertical = 3
size_flags/stretch_ratio = 4.0
margin/left = 0.0
margin/top = 30.0
margin/right = 180.0
margin/bottom = 210.0
custom_constants/margin_right = 2
custom_constants/margin_top = 0
custom_constants/margin_left = 2
custom_constants/margin_bottom = 0

[node name="default" type="PanelContainer" parent="game_container/ui_view/vbox_splitter/panel_container"]

editor/display_folded = true
visibility/visible = false
focus/ignore_mouse = false
focus/stop_mouse = true
size_flags/horizontal = 2
size_flags/vertical = 2
margin/left = 2.0
margin/top = 0.0
margin/right = 178.0
margin/bottom = 180.0
custom_styles/panel = SubResource( 4 )

[node name="Label" type="Label" parent="game_container/ui_view/vbox_splitter/panel_container/default"]

focus/ignore_mouse = true
focus/stop_mouse = true
size_flags/horizontal = 2
size_flags/vertical = 0
margin/left = 0.0
margin/top = 85.0
margin/right = 176.0
margin/bottom = 99.0
text = "Test Scenario"
align = 1
percent_visible = 1.0
lines_skipped = 0
max_lines_visible = -1

[node name="bag" type="PanelContainer" parent="game_container/ui_view/vbox_splitter/panel_container"]

editor/display_folded = true
visibility/visible = false
focus/ignore_mouse = false
focus/stop_mouse = true
size_flags/horizontal = 2
size_flags/vertical = 2
margin/left = 2.0
margin/top = 0.0
margin/right = 178.0
margin/bottom = 180.0
custom_styles/panel = SubResource( 4 )

[node name="margin" type="MarginContainer" parent="game_container/ui_view/vbox_splitter/panel_container/bag"]

focus/ignore_mouse = false
focus/stop_mouse = true
size_flags/horizontal = 2
size_flags/vertical = 2
margin/left = 0.0
margin/top = 0.0
margin/right = 176.0
margin/bottom = 184.0
custom_constants/margin_right = 2
custom_constants/margin_top = 2
custom_constants/margin_left = 2
custom_constants/margin_bottom = 2

[node name="bag" type="GridContainer" parent="game_container/ui_view/vbox_splitter/panel_container/bag/margin"]

editor/display_folded = true
focus/ignore_mouse = false
focus/stop_mouse = false
size_flags/horizontal = 1
size_flags/vertical = 1
margin/left = 88.0
margin/top = 92.0
margin/right = 88.0
margin/bottom = 92.0
custom_constants/vseparation = 8
custom_constants/hseparation = 8
columns = 4
script/script = ExtResource( 5 )

[node name="bag_item" parent="game_container/ui_view/vbox_splitter/panel_container/bag/margin/bag" instance=ExtResource( 6 )]

[node name="bag_item1" parent="game_container/ui_view/vbox_splitter/panel_container/bag/margin/bag" instance=ExtResource( 6 )]

margin/left = 44.0
margin/right = 80.0

[node name="bag_item2" parent="game_container/ui_view/vbox_splitter/panel_container/bag/margin/bag" instance=ExtResource( 6 )]

margin/left = 88.0
margin/right = 124.0

[node name="bag_item3" parent="game_container/ui_view/vbox_splitter/panel_container/bag/margin/bag" instance=ExtResource( 6 )]

margin/left = 132.0
margin/right = 168.0

[node name="bag_item4" parent="game_container/ui_view/vbox_splitter/panel_container/bag/margin/bag" instance=ExtResource( 6 )]

margin/top = 44.0
margin/bottom = 80.0

[node name="bag_item5" parent="game_container/ui_view/vbox_splitter/panel_container/bag/margin/bag" instance=ExtResource( 6 )]

margin/left = 44.0
margin/top = 44.0
margin/right = 80.0
margin/bottom = 80.0

[node name="bag_item6" parent="game_container/ui_view/vbox_splitter/panel_container/bag/margin/bag" instance=ExtResource( 6 )]

margin/left = 88.0
margin/top = 44.0
margin/right = 124.0
margin/bottom = 80.0

[node name="bag_item7" parent="game_container/ui_view/vbox_splitter/panel_container/bag/margin/bag" instance=ExtResource( 6 )]

margin/left = 132.0
margin/top = 44.0
margin/right = 168.0
margin/bottom = 80.0

[node name="bag_item8" parent="game_container/ui_view/vbox_splitter/panel_container/bag/margin/bag" instance=ExtResource( 6 )]

margin/top = 88.0
margin/bottom = 124.0

[node name="bag_item9" parent="game_container/ui_view/vbox_splitter/panel_container/bag/margin/bag" instance=ExtResource( 6 )]

margin/left = 44.0
margin/top = 88.0
margin/right = 80.0
margin/bottom = 124.0

[node name="bag_item10" parent="game_container/ui_view/vbox_splitter/panel_container/bag/margin/bag" instance=ExtResource( 6 )]

margin/left = 88.0
margin/top = 88.0
margin/right = 124.0
margin/bottom = 124.0

[node name="bag_item11" parent="game_container/ui_view/vbox_splitter/panel_container/bag/margin/bag" instance=ExtResource( 6 )]

margin/left = 132.0
margin/top = 88.0
margin/right = 168.0
margin/bottom = 124.0

[node name="bag_item12" parent="game_container/ui_view/vbox_splitter/panel_container/bag/margin/bag" instance=ExtResource( 6 )]

margin/top = 132.0
margin/bottom = 168.0

[node name="bag_item13" parent="game_container/ui_view/vbox_splitter/panel_container/bag/margin/bag" instance=ExtResource( 6 )]

margin/left = 44.0
margin/top = 132.0
margin/right = 80.0
margin/bottom = 168.0

[node name="bag_item14" parent="game_container/ui_view/vbox_splitter/panel_container/bag/margin/bag" instance=ExtResource( 6 )]

margin/left = 88.0
margin/top = 132.0
margin/right = 124.0
margin/bottom = 168.0

[node name="bag_item15" parent="game_container/ui_view/vbox_splitter/panel_container/bag/margin/bag" instance=ExtResource( 6 )]

margin/left = 132.0
margin/top = 132.0
margin/right = 168.0
margin/bottom = 168.0

[node name="gear" type="PanelContainer" parent="game_container/ui_view/vbox_splitter/panel_container"]

visibility/visible = false
focus/ignore_mouse = false
focus/stop_mouse = true
size_flags/horizontal = 2
size_flags/vertical = 2
margin/left = 2.0
margin/top = 0.0
margin/right = 178.0
margin/bottom = 180.0
custom_styles/panel = SubResource( 4 )

[node name="margin" type="MarginContainer" parent="game_container/ui_view/vbox_splitter/panel_container/gear"]

focus/ignore_mouse = false
focus/stop_mouse = true
size_flags/horizontal = 2
size_flags/vertical = 2
margin/left = 0.0
margin/top = 0.0
margin/right = 176.0
margin/bottom = 184.0
custom_constants/margin_right = 2
custom_constants/margin_top = 0
custom_constants/margin_left = 2
custom_constants/margin_bottom = 0

[node name="gear_container" type="HBoxContainer" parent="game_container/ui_view/vbox_splitter/panel_container/gear/margin"]

focus/ignore_mouse = false
focus/stop_mouse = false
size_flags/horizontal = 3
size_flags/vertical = 3
margin/left = 2.0
margin/top = 0.0
margin/right = 174.0
margin/bottom = 184.0
custom_constants/separation = 0
alignment = 0
script/script = ExtResource( 7 )

[node name="left" type="VBoxContainer" parent="game_container/ui_view/vbox_splitter/panel_container/gear/margin/gear_container"]

focus/ignore_mouse = false
focus/stop_mouse = false
size_flags/horizontal = 2
size_flags/vertical = 3
margin/left = 0.0
margin/top = 0.0
margin/right = 36.0
margin/bottom = 180.0
custom_constants/separation = 0
alignment = 0

[node name="head_slot" parent="game_container/ui_view/vbox_splitter/panel_container/gear/margin/gear_container/left" instance=ExtResource( 8 )]

slot = 1

[node name="chest_slot" parent="game_container/ui_view/vbox_splitter/panel_container/gear/margin/gear_container/left" instance=ExtResource( 8 )]

margin/top = 36.0
margin/bottom = 72.0
slot = 2

[node name="leg_slot" parent="game_container/ui_view/vbox_splitter/panel_container/gear/margin/gear_container/left" instance=ExtResource( 8 )]

margin/top = 72.0
margin/bottom = 108.0
slot = 4

[node name="feet_slot" parent="game_container/ui_view/vbox_splitter/panel_container/gear/margin/gear_container/left" instance=ExtResource( 8 )]

margin/top = 108.0
margin/bottom = 144.0
slot = 8

[node name="primary_slot" parent="game_container/ui_view/vbox_splitter/panel_container/gear/margin/gear_container/left" instance=ExtResource( 8 )]

margin/top = 144.0
margin/bottom = 180.0
slot = 256

[node name="mid_panel" type="PanelContainer" parent="game_container/ui_view/vbox_splitter/panel_container/gear/margin/gear_container"]

focus/ignore_mouse = false
focus/stop_mouse = true
size_flags/horizontal = 3
size_flags/vertical = 3
margin/left = 36.0
margin/top = 0.0
margin/right = 136.0
margin/bottom = 180.0
custom_styles/panel = ExtResource( 9 )

[node name="mid_container" type="MarginContainer" parent="game_container/ui_view/vbox_splitter/panel_container/gear/margin/gear_container/mid_panel"]

focus/ignore_mouse = false
focus/stop_mouse = true
size_flags/horizontal = 3
size_flags/vertical = 2
margin/left = 0.0
margin/top = 0.0
margin/right = 100.0
margin/bottom = 180.0
custom_constants/margin_right = 2
custom_constants/margin_top = 2
custom_constants/margin_left = 2
custom_constants/margin_bottom = 2

[node name="scroll" type="ScrollContainer" parent="game_container/ui_view/vbox_splitter/panel_container/gear/margin/gear_container/mid_panel/mid_container"]

focus/ignore_mouse = false
focus/stop_mouse = true
size_flags/horizontal = 3
size_flags/vertical = 3
margin/left = 2.0
margin/top = 2.0
margin/right = 98.0
margin/bottom = 178.0
scroll/horizontal = false
scroll/vertical = true

[node name="gear_list" type="VBoxContainer" parent="game_container/ui_view/vbox_splitter/panel_container/gear/margin/gear_container/mid_panel/mid_container/scroll"]

focus/ignore_mouse = false
focus/stop_mouse = false
size_flags/horizontal = 3
size_flags/vertical = 3
margin/left = 0.0
margin/top = 0.0
margin/right = 96.0
margin/bottom = 0.0
custom_constants/separation = 2
alignment = 0

[node name="right" type="VBoxContainer" parent="game_container/ui_view/vbox_splitter/panel_container/gear/margin/gear_container"]

focus/ignore_mouse = false
focus/stop_mouse = false
size_flags/horizontal = 2
size_flags/vertical = 3
margin/left = 136.0
margin/top = 0.0
margin/right = 172.0
margin/bottom = 180.0
custom_constants/separation = 0
alignment = 0

[node name="hand_slot" parent="game_container/ui_view/vbox_splitter/panel_container/gear/margin/gear_container/right" instance=ExtResource( 8 )]

slot = 16

[node name="cape_slot" parent="game_container/ui_view/vbox_splitter/panel_container/gear/margin/gear_container/right" instance=ExtResource( 8 )]

margin/top = 36.0
margin/bottom = 72.0
slot = 32

[node name="neck_slot" parent="game_container/ui_view/vbox_splitter/panel_container/gear/margin/gear_container/right" instance=ExtResource( 8 )]

margin/top = 72.0
margin/bottom = 108.0
slot = 64

[node name="ring_slot" parent="game_container/ui_view/vbox_splitter/panel_container/gear/margin/gear_container/right" instance=ExtResource( 8 )]

margin/top = 108.0
margin/bottom = 144.0
slot = 128

[node name="secondary_slot" parent="game_container/ui_view/vbox_splitter/panel_container/gear/margin/gear_container/right" instance=ExtResource( 8 )]

margin/top = 144.0
margin/bottom = 180.0
slot = 512

[node name="stats" type="PanelContainer" parent="game_container/ui_view/vbox_splitter/panel_container"]

editor/display_folded = true
visibility/visible = false
focus/ignore_mouse = false
focus/stop_mouse = true
size_flags/horizontal = 2
size_flags/vertical = 2
margin/left = 2.0
margin/top = 0.0
margin/right = 178.0
margin/bottom = 180.0
custom_styles/panel = SubResource( 4 )

[node name="margin" type="MarginContainer" parent="game_container/ui_view/vbox_splitter/panel_container/stats"]

focus/ignore_mouse = false
focus/stop_mouse = true
size_flags/horizontal = 2
size_flags/vertical = 2
margin/left = 0.0
margin/top = 0.0
margin/right = 176.0
margin/bottom = 172.0
custom_constants/margin_right = 2
custom_constants/margin_top = 2
custom_constants/margin_left = 2
custom_constants/margin_bottom = 2

[node name="scroll" type="ScrollContainer" parent="game_container/ui_view/vbox_splitter/panel_container/stats/margin"]

focus/ignore_mouse = false
focus/stop_mouse = true
size_flags/horizontal = 2
size_flags/vertical = 2
margin/left = 2.0
margin/top = 2.0
margin/right = 174.0
margin/bottom = 170.0
scroll/horizontal = false
scroll/vertical = true

[node name="button_container" type="GridContainer" parent="game_container/ui_view/vbox_splitter/panel_container/stats/margin/scroll"]

focus/ignore_mouse = false
focus/stop_mouse = false
size_flags/horizontal = 3
size_flags/vertical = 3
margin/left = 0.0
margin/top = 0.0
margin/right = 172.0
margin/bottom = 0.0
columns = 2
script/script = ExtResource( 10 )

[node name="attack" parent="game_container/ui_view/vbox_splitter/panel_container/stats/margin/scroll/button_container" instance=ExtResource( 11 )]

rect/min_size = Vector2( 64, 36 )
margin/right = 84.0
name = "Attack"
description = "Increases effectiveness with melee weapons"

[node name="defense" parent="game_container/ui_view/vbox_splitter/panel_container/stats/margin/scroll/button_container" instance=ExtResource( 11 )]

rect/min_size = Vector2( 64, 36 )
margin/left = 88.0
margin/right = 172.0
name = "Defense"
description = "Reduces damage and evades attacks"

[node name="menu" type="PanelContainer" parent="game_container/ui_view/vbox_splitter/panel_container"]

focus/ignore_mouse = false
focus/stop_mouse = true
size_flags/horizontal = 3
size_flags/vertical = 2
margin/left = 2.0
margin/top = 0.0
margin/right = 178.0
margin/bottom = 180.0
custom_styles/panel = SubResource( 4 )

[node name="Control" type="Control" parent="game_container/ui_view/vbox_splitter/panel_container/menu"]

focus/ignore_mouse = false
focus/stop_mouse = true
size_flags/horizontal = 2
size_flags/vertical = 2
margin/left = 0.0
margin/top = 0.0
margin/right = 176.0
margin/bottom = 180.0

[node name="Button" type="Button" parent="game_container/ui_view/vbox_splitter/panel_container/menu/Control"]

anchor/left = 3
anchor/right = 3
focus/ignore_mouse = false
focus/stop_mouse = true
size_flags/horizontal = 2
size_flags/vertical = 2
margin/left = 42.0
margin/top = 126.0
margin/right = -42.0
margin/bottom = 150.0
custom_fonts/font = SubResource( 5 )
toggle_mode = false
enabled_focus_mode = 2
shortcut = null
text = "Exit Game"
flat = false

[node name="Label" type="Label" parent="game_container/ui_view/vbox_splitter/panel_container/menu/Control"]

focus/ignore_mouse = true
focus/stop_mouse = true
size_flags/horizontal = 2
size_flags/vertical = 0
margin/left = 42.0
margin/top = 26.0
margin/right = 138.0
margin/bottom = 42.0
custom_fonts/font = SubResource( 6 )
text = "Sound Volume"
percent_visible = 1.0
lines_skipped = 0
max_lines_visible = -1

[node name="HSlider" type="HSlider" parent="game_container/ui_view/vbox_splitter/panel_container/menu/Control"]

focus/ignore_mouse = false
focus/stop_mouse = true
size_flags/horizontal = 2
size_flags/vertical = 0
margin/left = 42.0
margin/top = 46.0
margin/right = 138.0
margin/bottom = 62.0
range/min = 0.0
range/max = 100.0
range/step = 1.0
range/page = 0.0
range/value = 1.0
range/exp_edit = false
range/rounded = false
tick_count = 0
ticks_on_borders = true
focus_mode = 2

[node name="Label1" type="Label" parent="game_container/ui_view/vbox_splitter/panel_container/menu/Control"]

focus/ignore_mouse = true
focus/stop_mouse = true
size_flags/horizontal = 2
size_flags/vertical = 0
margin/left = 42.0
margin/top = 66.0
margin/right = 138.0
margin/bottom = 82.0
custom_fonts/font = SubResource( 6 )
text = "Music Volume"
percent_visible = 1.0
lines_skipped = 0
max_lines_visible = -1

[node name="HSlider1" type="HSlider" parent="game_container/ui_view/vbox_splitter/panel_container/menu/Control"]

focus/ignore_mouse = false
focus/stop_mouse = true
size_flags/horizontal = 2
size_flags/vertical = 0
margin/left = 42.0
margin/top = 86.0
margin/right = 138.0
margin/bottom = 102.0
range/min = 0.0
range/max = 100.0
range/step = 1.0
range/page = 0.0
range/value = 1.0
range/exp_edit = false
range/rounded = false
tick_count = 0
ticks_on_borders = true
focus_mode = 2

[node name="bottom_button_panel" type="PanelContainer" parent="game_container/ui_view/vbox_splitter"]

editor/display_folded = true
focus/ignore_mouse = false
focus/stop_mouse = true
size_flags/horizontal = 2
size_flags/vertical = 2
margin/left = 0.0
margin/top = 212.0
margin/right = 180.0
margin/bottom = 240.0
custom_styles/panel = SubResource( 3 )

[node name="margin" type="MarginContainer" parent="game_container/ui_view/vbox_splitter/bottom_button_panel"]

focus/ignore_mouse = false
focus/stop_mouse = true
size_flags/horizontal = 2
size_flags/vertical = 3
size_flags/stretch_ratio = 2.0
margin/left = 0.0
margin/top = 0.0
margin/right = 180.0
margin/bottom = 28.0
custom_constants/margin_right = 2
custom_constants/margin_top = 2
custom_constants/margin_left = 2
custom_constants/margin_bottom = 2

[node name="buttons" type="HBoxContainer" parent="game_container/ui_view/vbox_splitter/bottom_button_panel/margin"]

rect/min_size = Vector2( 0, 24 )
focus/ignore_mouse = false
focus/stop_mouse = false
size_flags/horizontal = 3
size_flags/vertical = 3
margin/left = 2.0
margin/top = 2.0
margin/right = 178.0
margin/bottom = 26.0
custom_constants/separation = 2
alignment = 0
script/script = ExtResource( 4 )

[connection signal="hide" from="game_container/ui_view/vbox_splitter/panel_container/stats/margin/scroll/button_container" to="game_container/ui_view/vbox_splitter/panel_container/stats/margin/scroll/button_container" method="_on_button_container_hide"]


