[gd_scene load_steps=8 format=1]

[ext_resource path="res://scripts/stat_card.gd" type="Script" id=1]
[ext_resource path="res://assets/fonts/NESCyrillic.ttf" type="DynamicFontData" id=2]
[ext_resource path="res://assets/sprites/icon.png" type="Texture" id=3]

[sub_resource type="StyleBoxFlat" id=1]

content_margin/left = -1.0
content_margin/right = -1.0
content_margin/top = -1.0
content_margin/bottom = -1.0
bg_color = Color( 0.6, 0.6, 0.6, 1 )
light_color = Color( 0.8, 0.8, 0.8, 1 )
dark_color = Color( 0.8, 0.8, 0.8, 1 )
border_size = 0
border_blend = true
draw_bg = true

[sub_resource type="DynamicFont" id=2]

font/size = 16
font/use_mipmaps = false
font/use_filter = false
font/font = ExtResource( 2 )

[sub_resource type="StyleBoxFlat" id=3]

content_margin/left = -1.0
content_margin/right = -1.0
content_margin/top = -1.0
content_margin/bottom = -1.0
bg_color = Color( 0.519531, 0.519531, 0.519531, 1 )
light_color = Color( 0.8, 0.8, 0.8, 1 )
dark_color = Color( 0.8, 0.8, 0.8, 1 )
border_size = 0
border_blend = true
draw_bg = true

[sub_resource type="DynamicFont" id=4]

font/size = 16
extra_spacing/top = -3
extra_spacing/bottom = -3
font/use_mipmaps = false
font/use_filter = false
font/font = ExtResource( 2 )

[node name="stat_card" type="PanelContainer"]

focus/ignore_mouse = false
focus/stop_mouse = true
size_flags/horizontal = 2
size_flags/vertical = 2
margin/left = 4.0
margin/top = 4.0
margin/right = 176.0
margin/bottom = 84.0
custom_styles/panel = SubResource( 1 )
script/script = ExtResource( 1 )

[node name="margin" type="MarginContainer" parent="."]

focus/ignore_mouse = false
focus/stop_mouse = true
size_flags/horizontal = 2
size_flags/vertical = 2
margin/left = 0.0
margin/top = 0.0
margin/right = 172.0
margin/bottom = 80.0
custom_constants/margin_right = 4
custom_constants/margin_top = 4
custom_constants/margin_left = 4
custom_constants/margin_bottom = 4

[node name="vbox" type="VBoxContainer" parent="margin"]

focus/ignore_mouse = false
focus/stop_mouse = false
size_flags/horizontal = 3
size_flags/vertical = 2
margin/left = 4.0
margin/top = 4.0
margin/right = 168.0
margin/bottom = 76.0
custom_constants/separation = 0
alignment = 0

[node name="title" type="Label" parent="margin/vbox"]

rect/min_size = Vector2( 18, 20 )
focus/ignore_mouse = true
focus/stop_mouse = true
size_flags/horizontal = 2
size_flags/vertical = 0
margin/left = 0.0
margin/top = 0.0
margin/right = 164.0
margin/bottom = 20.0
custom_fonts/font = SubResource( 2 )
align = 1
valign = 1
clip_text = true
percent_visible = 1.0
lines_skipped = 0
max_lines_visible = -1

[node name="hbox" type="HBoxContainer" parent="margin/vbox"]

focus/ignore_mouse = false
focus/stop_mouse = false
size_flags/horizontal = 3
size_flags/vertical = 3
margin/left = 0.0
margin/top = 20.0
margin/right = 164.0
margin/bottom = 72.0
custom_constants/separation = 2
alignment = 0

[node name="icon" type="TextureFrame" parent="margin/vbox/hbox"]

rect/min_size = Vector2( 32, 32 )
focus/ignore_mouse = true
focus/stop_mouse = true
size_flags/horizontal = 0
size_flags/vertical = 2
margin/left = 0.0
margin/top = 0.0
margin/right = 32.0
margin/bottom = 52.0
texture = ExtResource( 3 )
expand = true
stretch_mode = 5

[node name="panel" type="PanelContainer" parent="margin/vbox/hbox"]

focus/ignore_mouse = false
focus/stop_mouse = true
size_flags/horizontal = 3
size_flags/vertical = 3
margin/left = 34.0
margin/top = 0.0
margin/right = 164.0
margin/bottom = 52.0
custom_styles/panel = SubResource( 3 )

[node name="margin" type="MarginContainer" parent="margin/vbox/hbox/panel"]

focus/ignore_mouse = false
focus/stop_mouse = true
size_flags/horizontal = 2
size_flags/vertical = 2
margin/left = 0.0
margin/top = 0.0
margin/right = 130.0
margin/bottom = 52.0
custom_constants/margin_right = 2
custom_constants/margin_top = 2
custom_constants/margin_left = 2
custom_constants/margin_bottom = 2

[node name="description" type="Label" parent="margin/vbox/hbox/panel/margin"]

focus/ignore_mouse = true
focus/stop_mouse = true
size_flags/horizontal = 2
size_flags/vertical = 3
margin/left = 2.0
margin/top = 2.0
margin/right = 128.0
margin/bottom = 50.0
custom_fonts/font = SubResource( 4 )
autowrap = true
clip_text = true
percent_visible = 1.0
lines_skipped = 0
max_lines_visible = -1


