[gd_scene load_steps=7 format=1]

[ext_resource path="res://scenes/ui_stat_box.gd" type="Script" id=1]
[ext_resource path="res://assets/sprites/icon.png" type="Texture" id=2]
[ext_resource path="res://assets/fonts/NESCyrillic.ttf" type="DynamicFontData" id=3]

[sub_resource type="StyleBoxFlat" id=1]

content_margin/left = -1.0
content_margin/right = -1.0
content_margin/top = -1.0
content_margin/bottom = -1.0
bg_color = Color( 0.6, 0.6, 0.6, 1 )
light_color = Color( 0.8, 0.8, 0.8, 1 )
dark_color = Color( 0.8, 0.8, 0.8, 1 )
border_size = 0
border_blend = true
draw_bg = true

[sub_resource type="StyleBoxFlat" id=2]

content_margin/left = -1.0
content_margin/right = -1.0
content_margin/top = -1.0
content_margin/bottom = -1.0
bg_color = Color( 0.28125, 0.28125, 0.28125, 1 )
light_color = Color( 0.8, 0.8, 0.8, 1 )
dark_color = Color( 0.8, 0.8, 0.8, 1 )
border_size = 0
border_blend = true
draw_bg = true

[sub_resource type="DynamicFont" id=3]

font/size = 32
font/use_mipmaps = false
font/use_filter = false
font/font = ExtResource( 3 )

[node name="Button" type="Button"]

rect/min_size = Vector2( 64, 0 )
focus/ignore_mouse = false
focus/stop_mouse = true
size_flags/horizontal = 3
size_flags/vertical = 2
margin/left = 0.0
margin/top = 0.0
margin/right = 98.0
margin/bottom = 36.0
custom_styles/hover = SubResource( 1 )
custom_styles/pressed = SubResource( 2 )
custom_styles/normal = SubResource( 1 )
toggle_mode = true
enabled_focus_mode = 2
shortcut = null
flat = false
script/script = ExtResource( 1 )
name = ""
description = ""

[node name="MarginContainer" type="MarginContainer" parent="."]

focus/ignore_mouse = true
focus/stop_mouse = false
size_flags/horizontal = 3
size_flags/vertical = 1
margin/left = 0.0
margin/top = 0.0
margin/right = 98.0
margin/bottom = 36.0
custom_constants/margin_right = 2
custom_constants/margin_top = 2
custom_constants/margin_left = 2
custom_constants/margin_bottom = 2

[node name="HBoxContainer1" type="HBoxContainer" parent="MarginContainer"]

rect/min_size = Vector2( 0, 24 )
focus/ignore_mouse = true
focus/stop_mouse = false
size_flags/horizontal = 3
size_flags/vertical = 2
margin/left = 2.0
margin/top = 2.0
margin/right = 96.0
margin/bottom = 34.0
custom_constants/separation = 0
alignment = 0

[node name="TextureFrame" type="TextureFrame" parent="MarginContainer/HBoxContainer1"]

rect/min_size = Vector2( 32, 32 )
focus/ignore_mouse = true
focus/stop_mouse = false
size_flags/horizontal = 2
size_flags/vertical = 2
margin/left = 0.0
margin/top = 0.0
margin/right = 32.0
margin/bottom = 32.0
texture = ExtResource( 2 )
expand = true
stretch_mode = 0

[node name="Label" type="Label" parent="MarginContainer/HBoxContainer1"]

rect/min_size = Vector2( 24, 0 )
focus/ignore_mouse = true
focus/stop_mouse = false
size_flags/horizontal = 3
size_flags/vertical = 3
margin/left = 32.0
margin/top = 0.0
margin/right = 94.0
margin/bottom = 32.0
custom_fonts/font = SubResource( 3 )
text = "1"
align = 1
valign = 1
clip_text = true
percent_visible = 1.0
lines_skipped = 0
max_lines_visible = -1


